@article{harsha,
 author = "Harsha Bhogle",
 title = "The Tendulkar Habit",
 year = "2012",
 url = "http://www.espncricinfo.com/magazine/content/story/598770.html"
 }
@article{siddhartha,
 author = "Siddhartha Vaidyanathan",
 title = "Growing up with Sachin",
 yeat = "2012",
 url = "http://www.espncricinfo.com/magazine/content/story/598402.html"
 }
@misc{espn,
   author = "ESPN Sports Media",
   url = "http://www.espncricinfo.com/india/content/player/35320.html"
   }
@article{sambit,
 author = "Sambit Bal",
 title = "Sachin Tendulkar",
 year = "2013",
 url="http://www.espncricinfo.com/magazine/content/story/598402.html"
 }
 @article{bbc,
 title = "Little Master",
 author = "British Broadcasting Corporation"
 }
 @article{quora,
 author = "Anonymous",
 title =  "Why is Sachin Tendulkar considered the best batsman of all time?",
 url= "https://www.quora.com/Why-is-Sachin-Tendulkar-considered-the-best-batsman-of-all-time"
 }