@article{Hoare,
   author = "C. A. R. Hoare ",
   title = "Quicksort",
   journal = "Computer Journal5(1)",
   year = "1962"
}
@book{Knuth,
  author = "D. E. Knuth",
  title = "The Art of Computer Programming",
  publisher = "Pearson Education",
  year = "1998"
}
@misc{Geeks,
  title = "QuickSort",
  note={\url http://geeksquiz.com/quick-sort/}
}
@misc{Wiki,
 title = "Sorting Algorithms",
 note={\url http://en.wikipedia.org/wiki/Quicksort}
}
@book{cormen,
 title = "Introduction to Algorithms",
 editor = "Cormen"
}
@inbook{master,
 Chapter = "Master Theorem"
}
@book{Mcgraw,
 title="An  Introduction  to  data  structures  with  applications",
 author="Mcgraw Hill",
 }
